<?xml version="1.0" encoding="UTF-8"?><collection xmlns="http://www.loc.gov/MARC21/slim"><record><leader>00516nam--2200193-i-4500</leader><controlfield tag="001">000031863</controlfield><controlfield tag="002">20161230</controlfield><controlfield tag="005">20161230201038</controlfield><controlfield tag="008">060222s1000------------r-----000-0-rus-d</controlfield><datafield ind1=" " ind2=" " tag="040"><subfield code="a">IFIN-HH</subfield></datafield><datafield ind1=" " ind2=" " tag="041"><subfield code="a">rus</subfield></datafield><datafield ind1=" " ind2=" " tag="080"><subfield code="a">543.422.25:539.143.43</subfield></datafield><datafield ind1="1" ind2=" " tag="100"><subfield code="a">Turov, E.A</subfield></datafield><datafield ind1="1" ind2="0" tag="245"><subfield code="a">Iadernii magnitnii rezonans v ferro- i antiferro-magnetikah</subfield><subfield code="c">E.a. turov, m.p. petrov</subfield></datafield><datafield ind1=" " ind2=" " tag="260"><subfield code="a">Moskva</subfield><subfield code="b">Nauka</subfield><subfield code="c">1969</subfield></datafield><datafield ind1=" " ind2=" " tag="300"><subfield code="a">260P</subfield></datafield><datafield ind1="1" ind2=" " tag="700"><subfield code="a">Petrov, M.P</subfield></datafield><datafield ind1=" " ind2=" " tag="852"><subfield code="a">30956</subfield><subfield code="c">539.143.43</subfield></datafield><datafield ind1=" " ind2=" " tag="CAT"><subfield code="a">Sys</subfield><subfield code="c">20120503</subfield><subfield code="h">143800</subfield></datafield></record></collection>